<record><leader>00000cas a22000007a 4500</leader><controlfield tag="001">11168256</controlfield><controlfield tag="008">840918d19281931nyuwr ne      0    0eng d</controlfield><datafield ind1=" " ind2=" " tag="010"><subfield code="a">sn 84031435 </subfield></datafield><datafield ind1=" " ind2=" " tag="040"><subfield code="a">NYG</subfield><subfield code="b">eng</subfield><subfield code="c">NYG</subfield><subfield code="d">OCL</subfield><subfield code="d">NPX</subfield><subfield code="d">NYS</subfield><subfield code="d">OCLCQ</subfield></datafield><datafield ind1=" " ind2=" " tag="042"><subfield code="a">msc</subfield></datafield><datafield ind1="0" ind2="4" tag="245"><subfield code="a">The Hammondsport herald and Bath plaindealer.</subfield></datafield><datafield ind1="3" ind2="0" tag="246"><subfield code="a">Hammondsport herald and Bath plain dealer</subfield></datafield><datafield ind1="3" ind2="0" tag="246"><subfield code="a">Bath plaindealer</subfield></datafield><datafield ind1="1" ind2="7" tag="246"><subfield code="a">Hammondsport herald</subfield></datafield><datafield ind1="1" ind2="7" tag="246"><subfield code="a">Hammondsport herald and plaindealer</subfield></datafield><datafield ind1=" " ind2=" " tag="260"><subfield code="a">Hammondsport, N.Y. :</subfield><subfield code="b">Steuben News</subfield></datafield><datafield ind1=" " ind2=" " tag="300"><subfield code="a">v.</subfield></datafield><datafield ind1=" " ind2=" " tag="310"><subfield code="a">Weekly</subfield></datafield><datafield ind1="1" ind2=" " tag="362"><subfield code="a">Began in Nov. 1928.</subfield></datafield><datafield ind1="0" ind2=" " tag="362"><subfield code="a">-v. 57, no. 47 (Nov. 19, 1931).</subfield></datafield><datafield ind1=" " ind2=" " tag="500"><subfield code="a">Published as: Hammondsport herald and Bath plain dealer, &lt;1930&gt;-1931.</subfield></datafield><datafield ind1=" " ind2=" " tag="500"><subfield code="a">Publishers: Steuben News, Inc., &lt;1928&gt;-Apr. 1929; M.E. Miller, Apr.-Aug. 1929; C.G. Higby, Aug. 1929-Jan. 1930; F.W. Wood, Jan.-May 1930; M.E. Miller, May-Oct. 1930; Maurice E. Miller, Oct. 1930-Jan. 1931; L. Tremaine Seely, Jan. 1931; The Hammondsport Publishing Co., Jan.-July 1931; Harold F. Little, July-&lt;Nov.&gt; 1931.</subfield></datafield><datafield ind1=" " ind2=" " tag="515"><subfield code="a">Continues numbering of: Bath plaindealer and the Savona review, &lt;1928&gt;; changes vol. numbering to that of Hammondsport herald with: Vol. 56, no. 1 (Apr. 25, 1929).</subfield></datafield><datafield ind1=" " ind2=" " tag="515"><subfield code="a">Issue for Oct. 15, 1931 misdated 1932.</subfield></datafield><datafield ind1=" " ind2=" " tag="588"><subfield code="a">Description based on: Vol. 46, no. 30 (Nov. 22, 1928).</subfield></datafield><datafield ind1=" " ind2="4" tag="651"><subfield code="a">Hammondsport (N.Y.)</subfield><subfield code="v">Newspapers.</subfield></datafield><datafield ind1=" " ind2="4" tag="651"><subfield code="a">Bath (N.Y.)</subfield><subfield code="v">Newspapers.</subfield></datafield><datafield ind1=" " ind2=" " tag="752"><subfield code="a">United States</subfield><subfield code="b">New York</subfield><subfield code="c">Steuben</subfield><subfield code="d">Hammondsport.</subfield></datafield><datafield ind1="0" ind2="4" tag="780"><subfield code="t">Hammondsport herald</subfield><subfield code="w">(DLC)sn 84031430</subfield></datafield><datafield ind1="0" ind2="4" tag="780"><subfield code="t">Bath plaindealer and the Savona review</subfield><subfield code="w">(DLC)sn 92061684</subfield></datafield><datafield ind1="0" ind2="7" tag="785"><subfield code="t">Keuka grape belt (Hammondsport, N.Y. : 1929)</subfield><subfield code="w">(DLC)sn 90066491</subfield></datafield><datafield ind1="0" ind2="7" tag="785"><subfield code="t">Keuka grape belt, Hammondsport herald</subfield><subfield code="w">(DLC)sn 90066492</subfield></datafield><datafield ind1="1" ind2=" " tag="029"><subfield code="a">AU@</subfield><subfield code="b">000020338815</subfield></datafield></record>